@misc{uscensus2022,
  author = {{U.S. Census Bureau}},
  title = {State Population Totals and Components of Change: 2020-2022},
  year = {2022},
  url = {https://www.census.gov/data/tables/time-series/demo/popest/2020s-state-total.html},
  publisher = {{U.S. Census Bureau}}
  }

@misc{uscensus2020,
  author = {{U.S. Census Bureau}},
  title = {2020 {D}ecennial {C}ensus},
  year = {2020},
  url = {https://www.census.gov/programs-surveys/decennial-census/decade/2020/2020-census-main.html},
  publisher = {{U.S. Census Bureau}}
  }

@misc{eia2023nm,
  author = {{U.S. Energy Information Administration}},
  title = {New {M}exico State Energy Profile},
  year = {2023},
  url = {https://www.eia.gov/state/print.php?sid=NM},
  publisher = {{U.S. Energy Information Administration}}
  }

@misc{eia2023energy,
  author = {{U.S. Energy Information Administration}},
  title = {Profile Analysis},
  year = {2023},
  url = {https://www.eia.gov/state/analysis.php?sid=NM},
  publisher = {{U.S. Energy Information Administration}}
  }

@misc{seia2023nm,
  author = {{Solar Energy Industries Association}},
  title = {New {M}exico Solar},
  year = {2023},
  url = {https://www.seia.org/state-solar-policy/new-mexico-solar},
  publisher = {{Solar Energy Industries Association}}
  }

@misc{nmlegislative2023,
  author = {{New Mexico Legislative Finance Committee}},
  title = {Oil and Nature Gas Revenue},
  year = {2023},
  url = {https://www.nmlegis.gov/Entity/LFC/Documents/Finance_Facts/finance%20facts%20oil%20and%20gas%20revenue.pdf},
  publisher = {{New Mexico Legislative Finance Committee}}
  }

@misc{nmleg2019,
  author = {Jacob R. Candelaria and Nathan P. Small and Mimi Stewart and
         Patricia Roybal Caballero and Brian Egolf},
  title = {SENATE {B}ILL 489 Energy Transition Act},
  year = {2019},
  url = {https://www.nmlegis.gov/Sessions/19%20Regular/bills/senate/SB0489.pdf},
  publisher = {{New Mexico Legislature}}
  }

@misc{propertytax,
  author = {Mimi Stewart},
  title = {HOUSE {B}ILL 233 NO SOLAR PANELS AS PROPERTY TAX IMPROVEMENTS},
  year = {2010},
  url = {https://www.nmlegis.gov/Sessions/10%20Regular/bills/house/HB0233.html},
  publisher = {{New Mexico Legislature}}
  }
@misc{newsolarcap,
  author = {Derrick J. Lente},
  title = {HOUSE {B}ILL 252 ADJUST INCOME TAX BRACKETS},
  year = {2024},
  url = {https://nmlegis.gov/Legislation/Legislation?chamber=H&legtype=B&legno=252&year=24},
  publisher = {{New Mexico Legislature}}
  }


@misc{nmsmdtc,
  author = {{New Mexico Energy, Minerals and Natural Resources Department}},
  title = {New Solar Market Development Tax Credit Incentive},
  year = {2020},
  url = {https://www.emnrd.nm.gov/ecmd/tax-incentives/solar-market-development-tax-credit-smdtc/},
  publisher = {{New Mexico Energy, Minerals and Natural Resources Department}}
  }
@misc{irs,
  author = {{Internal Revenue Service}},
  title = {Residential Clean Energy Credit},
  year = {2023},
  url = {https://www.irs.gov/credits-deductions/residential-clean-energy-credit},
  publisher = {{Internal Revenue Service}}
  }
@misc{doeitc,
  author = {{Office of Energy Efficiency \& Renewable Energy}},
  title = {Homeowner’s Guide to the Federal Tax Credit for Solar Photovoltaics},
  year = {2023},
  url = {https://www.energy.gov/eere/solar/homeowners-guide-federal-tax-credit-solar-photovoltaics},
  publisher = {{Department of Energy}}
  }
@misc{nmtnr,
  author = {{New Mexico Taxation \& Revenue Deparment}},
  title = {Homeowner’s Guide to the Federal Tax Credit for Solar Photovoltaics},
  year = {2023},
  url = {https://www.energy.gov/eere/solar/homeowners-guide-federal-tax-credit-solar-photovoltaics},
  publisher = {{Department of Energy}}
  }
@misc{NMStat2021,
author = {{New Mexico Taxation \& Revenue Deparment}},
  title = {New Mexico Statutes Annotated, Chapter 7 - Taxation, Article 9 - Gross Receipts and Compensating Tax, Section 7-9-112},
  year = {2021},
    url={https://www.srca.nm.gov/parts/title03/03.002.0247.html}
}
@misc{eperec,
author = {{El Paso Electric Company}},
  title = {Small System Renewable Energy Certificate Purchase},
  year = {2016},
    url={https://www.epelectric.com/files/html/Renewable/Sign_up_forms/NM/Rate_No._33-5th_revision.pdf}
}
@misc{eperecmid,
author = {{El Paso Electric Company}},
  title = {Medium System Renewable Energy Certificate Purchase},
  year = {2016},
    url={https://www.epelectric.com/files/html/Renewable/Sign_up_forms/NM/Rate_No._34-4th_revision.pdf}
}
@misc{pnmrec,
author = {{Public Service Company of New Mexico}},
  title = {Solar Renewable Energy Certificate Purchase Programs},
  year = {2023},
    url={https://www.pnm.com/documents/28767612/28775078/schedule_32.pdf/6da5a011-bf9f-4ebe-bdb7-f9d1559e097c?t=1683639426098}
}
@misc{pnmnet,
author = {{Public Service Company of New Mexico}},
  title = {Interconnection Benefits},
  year = {2023},
    url={https://www.pnm.com/solar-interconnection-benefits#netmetering}
}
@misc{epenet,
author = {{El Paso Electric Company}},
  title = {New Mexico Interconnection Process Facilities up to 10kW},
  year = {2023},
    url={https://www.epelectric.com/renewables-tech/distributed-generation/new-mexico-interconnection-of-facilities-less-than-10-kw
}
}
@misc{epenetmid,
author = {{El Paso Electric Company}},
  title = {New Mexico Interconnection Process for Facilities Greater than 10 kW and up to 100 kW},
  year = {2023},
    url={https://www.epelectric.com/renewables-tech/distributed-generation/new-mexico-interconnection-of-facilities-greater-than-10-kw-and-less-than-100-kw
}
}

@misc{hifld,
author = {{Homeland Infrastructure Foundation-Level Data}},
  title = {Electric Retail Service Territories},
  year = {2021},
    url={https://hifld-geoplatform.opendata.arcgis.com/datasets/geoplatform::electric-retail-service-territories-2/explore?location=34.072974%2C-104.629441%2C8.00
}
}
@misc{eiaprice,
author = {{U.S. Energy Information Administration}},
  title = {Electric Sales, Revenue, and Average Price},
  year = {2023},
    url={https://www.eia.gov/electricity/sales_revenue_price/index.php
}
}
@misc{solargis,
author = {{Solargis}},
  title = {Solar resource maps and GIS data for 200+ countries},
  year = {2023},
    url={https://solargis.com/maps-and-gis-data/overview
}
}
@misc{pnm2021,
author = {{PNM}},
  title = {Annual 2021 Compliance Filing Pursuant to {NMPRC} Rule 17.9.570.13G {NMAC}},
  year = {2021},
   publisher = {New Mexico Public Regulatory Commission}
}
@misc{pnm2022,
author = {{PNM}},
  title = {Annual 2022 Compliance Filing Pursuant to {NMPRC} Rule 17.9.570.13G {NMAC}},
  year = {2022},
   publisher = {New Mexico Public Regulatory Commission}
}
@misc{pnm2023,
author = {{PNM}},
  title = {Annual 2023 Compliance Filing Pursuant to {NMPRC} Rule 17.9.570.13G {NMAC}},
  year = {2023},
   publisher = {New Mexico Public Regulatory Commission}
}

@online{justice40,
    title        = {Justice40 Initiative},
    author       = {{U.S. Federal Government}},
    year         = 2021,
    url          = {https://www.whitehouse.gov/environmentaljustice/justice40/},
    note         = {Accessed: 2024-06-03},
}
@misc{cejst,
  author       = {{Council on Environmental Quality}},
  title        = {Climate and Economic Justice Screening Tool},
  year         = 2022,
  url          = {https://screeningtool.geoplatform.gov/en/},
  note         = {Accessed: 2024-06-04},
}